% Encoding: UTF-8
@Article{Chowdhury2006,
  author    = {Chowdhury, Abdur and Mavrotas, George},
  journal   = {The World Economy},
  title     = {{FDI and Growth: What Causes What?}},
  year      = {2006},
  issn      = {1467-9701},
  month     = jan,
  number    = {1},
  pages     = {9--19},
  volume    = {29},
  doi       = {10.1111/j.1467-9701.2006.00755.x},
  publisher = {Wiley},
}

@Book{jorda2024local,
  author      = {Jordà, Òscar and Taylor, Alan},
  title       = {Local Projections},
  year        = {2024},
  month       = aug,
  doi         = {10.3386/w32822},
  school = {National Bureau of Economic Research},
  publisher = {National Bureau of Economic Research},
}

@Misc{guvenen2022globala,
  author = {Guvenen, Fatih and Pistaferri, Luigi and Violante, Giovanni L},
  note   = {\url{https://www.grid-database.org/}. Accessed DD.MM.YYYY},
  title  = {The Global Repository of Income Dynamics},
  year   = {2022},
}


@article{guvenen2022global,
title={{Global trends in income inequality and income dynamics: New insights from GRID}},
author={Guvenen, Fatih and Pistaferri, Luigi and Violante, Giovanni L},
journal={Quantitative Economics},
volume={13},
number={4},
pages={1321--1360},
year={2022},
doi={10.3982/QE2260},
publisher={Wiley Online Library}
}

@Article{coibion2017innocent,
  author    = {Coibion, Olivier and Gorodnichenko, Yuriy and Kueng, Lorenz and Silvia, John},
  journal   = {Journal of Monetary Economics},
  title     = {Innocent Bystanders? Monetary policy and inequality},
  year      = {2017},
  issn      = {0304-3932},
  month     = jun,
  pages     = {70--89},
  volume    = {88},
  doi       = {10.1016/j.jmoneco.2017.05.005},
  publisher = {Elsevier BV},
}

@Article{furceri2018effects,
  author    = {Furceri, Davide and Loungani, Prakash and Zdzienicka, Aleksandra},
  journal   = {Journal of International Money and Finance},
  title     = {The effects of monetary policy shocks on inequality},
  year      = {2018},
  issn      = {0261-5606},
  month     = jul,
  pages     = {168--186},
  volume    = {85},
  doi       = {10.1016/j.jimonfin.2017.11.004},
  publisher = {Elsevier BV},
}

@Article{blanchard1989dynamic,
  author    = {Olivier Jean Blanchard and Danny Quah},
  journal   = {The American Economic Review},
  title     = {The Dynamic Effects of Aggregate Demand and Supply Disturbances},
  year      = {1989},
  issn      = {00028282},
  number    = {4},
  pages     = {655--673},
  volume    = {79},
  publisher = {American Economic Association},
  url       = {http://www.jstor.org/stable/1827924},
  urldate   = {2025-02-14},
}

@Article{jorda2005estimation,
  author    = {Jordà, \`{O}scar},
  journal   = {American Economic Review},
  title     = {Estimation and Inference of Impulse Responses by Local Projections},
  year      = {2005},
  issn      = {0002-8282},
  month     = feb,
  number    = {1},
  pages     = {161--182},
  volume    = {95},
  doi       = {10.1257/0002828053828518},
  publisher = {American Economic Association},
}



@Article{Davtyan2017,
  author    = {Davtyan, Karen},
  journal   = {Economic Modelling},
  title     = {The distributive effect of monetary policy: The top one percent makes the difference},
  year      = {2017},
  issn      = {0264-9993},
  month     = sep,
  pages     = {106--118},
  volume    = {65},
  doi       = {10.1016/j.econmod.2017.05.011},
  publisher = {Elsevier BV},
}

@Article{Binet2015,
  author    = {Binet, Marie-Estelle and Pentecôte, Jean-Sébastien},
  journal   = {Economic Modelling},
  title     = {{Macroeconomic idiosyncrasies and European monetary unification: A sceptical long run view}},
  year      = {2015},
  issn      = {0264-9993},
  month     = dec,
  pages     = {412--423},
  volume    = {51},
  doi       = {10.1016/j.econmod.2015.08.030},
  publisher = {Elsevier BV},
}

@Article{Campos2016,
  author    = {Campos, Nauro F. and Macchiarelli, Corrado},
  journal   = {Economics Letters},
  title     = {Core and Periphery in the European Monetary Union: Bayoumi and Eichengreen 25 years later},
  year      = {2016},
  issn      = {0165-1765},
  month     = oct,
  pages     = {127--130},
  volume    = {147},
  doi       = {10.1016/j.econlet.2016.07.040},
  publisher = {Elsevier BV},
}

@Book{Blanchard1999,
  author = {Blanchard, Olivier and Wolfers, Justin},
  title  = {The Role of Shocks and Institutions in the Rise of European Unemployment: The Aggregate Evidence},
  year   = {1999},
  month  = aug,
  doi    = {10.3386/w7282},
  school = {National Bureau of Economic Research},
  publisher = {National Bureau of Economic Research},
}

@Article{Herwartz2018,
  author    = {Herwartz, Helmut},
  journal   = {Journal of Applied Econometrics},
  title     = {{Long‐run neutrality of demand shocks: Revisiting Blanchard and Quah (1989) with independent structural shocks}},
  year      = {2018},
  issn      = {1099-1255},
  month     = dec,
  number    = {5},
  pages     = {811--819},
  volume    = {34},
  doi       = {10.1002/jae.2675},
  publisher = {Wiley},
}

@Article{Keating2013,
  author    = {Keating, John W.},
  journal   = {Journal of Macroeconomics},
  title     = {{What do we learn from Blanchard and Quah decompositions of output if aggregate demand may not be long-run neutral?}},
  year      = {2013},
  issn      = {0164-0704},
  month     = dec,
  pages     = {203--217},
  volume    = {38},
  doi       = {10.1016/j.jmacro.2013.07.007},
  publisher = {Elsevier BV},
}

@article{ramey2016macroeconomic,
  title={Macroeconomic shocks and their propagation},
  author={Ramey, Valerie A},
  journal={Handbook of Macroeconomics},
  volume={2},
  pages={71--162},
  year={2016},
  publisher={Elsevier}
}

@Article{Gygli2019,
  author    = {Gygli, Savina and Haelg, Florian and Potrafke, Niklas and Sturm, Jan-Egbert},
  journal   = {The Review of International Organizations},
  title     = {{The KOF Globalisation Index – revisited}},
  year      = {2019},
  issn      = {1559-744X},
  month     = jan,
  number    = {3},
  pages     = {543--574},
  volume    = {14},
  doi       = {10.1007/s11558-019-09344-2},
  publisher = {Springer Science and Business Media LLC},
}

@Article{rubin2015effects,
  author    = {Rubin, Amir and Segal, Dan},
  journal   = {Journal of Macroeconomics},
  title     = {{The effects of economic growth on income inequality in the US}},
  year      = {2015},
  issn      = {0164-0704},
  month     = sep,
  pages     = {258--273},
  volume    = {45},
  doi       = {10.1016/j.jmacro.2015.05.007},
  publisher = {Elsevier BV},
}

@Article{aghion2002schumpeterian,
  author    = {Aghion, Philippe},
  journal   = {Econometrica},
  title     = {Schumpeterian Growth Theory and the Dynamics of Income Inequality},
  year      = {2002},
  issn      = {1468-0262},
  month     = may,
  number    = {3},
  pages     = {855--882},
  volume    = {70},
  doi       = {10.1111/1468-0262.00312},
  publisher = {The Econometric Society},
}

@Article{garcia2006growth,
  author    = {García-Peñalosa, Cecilia and Turnovsky, Stephen J.},
  journal   = {Economic Theory},
  title     = {Growth and income inequality: a canonical model},
  year      = {2006},
  issn      = {1432-0479},
  month     = may,
  number    = {1},
  pages     = {25--49},
  volume    = {28},
  doi       = {10.1007/s00199-005-0616-7},
  publisher = {Springer Science and Business Media LLC},
}


@Article{acemoglu2022tasks,
  author    = {Acemoglu, Daron and Restrepo, Pascual},
  journal   = {Econometrica},
  title     = {{Tasks, Automation, and the Rise in U.S. Wage Inequality}},
  year      = {2022},
  issn      = {0012-9682},
  number    = {5},
  pages     = {1973--2016},
  volume    = {90},
  doi       = {10.3982/ecta19815},
  publisher = {The Econometric Society},
}

@Article{syverson2017challenges,
  author    = {Syverson, Chad},
  journal   = {Journal of Economic Perspectives},
  title     = {Challenges to Mismeasurement Explanations for the US Productivity Slowdown},
  year      = {2017},
  issn      = {0895-3309},
  month     = may,
  number    = {2},
  pages     = {165--186},
  volume    = {31},
  doi       = {10.1257/jep.31.2.165},
  publisher = {American Economic Association},
}

@Article{hsu2022income,
  author    = {Hsu, Wen-Tai and Lu, Lin and Picard, Pierre M.},
  journal   = {Economic Theory},
  title     = {Income inequality, productivity, and international trade},
  year      = {2022},
  issn      = {1432-0479},
  month     = aug,
  number    = {1},
  pages     = {203--249},
  volume    = {76},
  doi       = {10.1007/s00199-022-01456-y},
  publisher = {Springer Science and Business Media LLC},
}

@Article{Vidangos2017,
  author    = {Vidangos, Ivan and Cajner, Tomaz and Radler, Tyler and Ratner, David},
  journal   = {Finance and Economics Discussion Series},
  title     = {Racial Gaps in Labor Market Outcomes in the Last Four Decades and over the Business Cycle},
  year      = {2017},
  issn      = {1936-2854},
  month     = jun,
  number    = {71},
  volume    = {2017.0},
  doi       = {10.17016/feds.2017.071},
  publisher = {Board of Governors of the Federal Reserve System},
}

@Article{Aaronson2019,
  author    = {Aaronson, Stephanie R. and Daly, Mary C. and Wascher, William L. and Wilcox, David W.},
  journal   = {Brookings Papers on Economic Activity},
  title     = {Okun Revisited: Who Benefits Most from a Strong Economy?},
  year      = {2019},
  issn      = {1533-4465},
  number    = {1},
  pages     = {333--404},
  volume    = {2019},
  doi       = {10.1353/eca.2019.0004},
  publisher = {Project MUSE},
}

@Article{Bound1995,
  author  = {Bound, J. and Johnson, G. },
  journal = {Economic Policy},
  title   = {{What are the causes of rising wage inequality in the United States?}},
  year    = {1995},
  number  = {1},
  pages   = { 1},
  volume  = {1},
  comment = {[author_tag] & [author_tag]([year_tag]). What are the causes of rising wage inequality in the United States? . Economic Policy Review, [pages_tag](1).},
}

@Article{Acemoglu2002,
  author    = {Acemoglu, Daron},
  journal   = {Journal of Economic Literature},
  title     = {Technical Change, Inequality, and the Labor Market},
  year      = {2002},
  issn      = {0022-0515},
  month     = mar,
  number    = {1},
  pages     = {7--72},
  volume    = {40},
  doi       = {10.1257/jel.40.1.7},
  publisher = {American Economic Association},
}

@Article{Karahan2013,
  author    = {Karahan, Fatih and Ozkan, Serdar},
  journal   = {Review of Economic Dynamics},
  title     = {On the persistence of income shocks over the life cycle: Evidence, theory, and implications},
  year      = {2013},
  issn      = {1094-2025},
  month     = jul,
  number    = {3},
  pages     = {452--476},
  volume    = {16},
  doi       = {10.1016/j.red.2012.08.001},
  publisher = {Elsevier BV},
}

@article{feenstra2003global,
  title={Global production sharing and rising inequality: A survey of trade and wages},
  author={Feenstra, Robert C and Hanson, Gordon H},
  journal={Handbook of International Trade},
  pages={146--185},
  year={2003},
  publisher={Wiley Online Library}
}

@book{jaumotte2015inequality,
  title={Inequality and labor market institutions},
  author={Jaumotte, Ms Florence and Osorio, Ms Carolina},
  year={2015},
  publisher={International Monetary Fund}
}

@Article{Kose2003,
  author    = {Kose, M. Ayhan and Otrok, Christopher and Whiteman, Charles H},
  journal   = {American Economic Review},
  title     = {{International Business Cycles: World, Region, and Country-Specific Factors}},
  year      = {2003},
  issn      = {0002-8282},
  month     = aug,
  number    = {4},
  pages     = {1216--1239},
  volume    = {93},
  doi       = {10.1257/000282803769206278},
  publisher = {American Economic Association},
}

@Article{Kose2012,
  author    = {Kose, M. Ayhan and Otrok, Christopher and Prasad, Eswar},
  journal   = {International Economic Review},
  title     = {{Global business cycles: convergence or decoupling?}},
  year      = {2012},
  issn      = {1468-2354},
  month     = may,
  number    = {2},
  pages     = {511--538},
  volume    = {53},
  doi       = {10.1111/j.1468-2354.2012.00690.x},
  publisher = {Wiley},
}

@Article{Fink2015,
  author    = {Fink, Fabian and Schüler, Yves S.},
  journal   = {Journal of International Money and Finance},
  title     = {{The transmission of US systemic financial stress: Evidence for emerging market economies}},
  year      = {2015},
  issn      = {0261-5606},
  month     = jul,
  pages     = {6--26},
  volume    = {55},
  doi       = {10.1016/j.jimonfin.2015.02.019},
  publisher = {Elsevier BV},
}

@article{kose2017global,
  title={{The global role of the US economy: Linkages, policies and spillovers}},
  journal = {World Bank Policy Research Working paper 7962},
  author={Kose, M Ayhan and Lakatos, Csilla and Ohnsorge, Franziska and Stocker, Marc},
  year={2017},
  publisher={World Bank}
}

@article{moran2016offshoring,
  title={How offshoring and global supply chains enhance the US economy},
  author={Moran, Theodore and Oldenski, Lindsay},
  journal={Policy Brief},
  number={16-5},
  pages={4},
  year={2016}
}

@article{canova2005transmission,
  title={{The transmission of US shocks to Latin America}},
  author={Canova, Fabio},
  journal={Journal of Applied Econometrics},
  volume={20},
  number={2},
  pages={229--251},
  year={2005},
  doi={10.1002/jae.837},
  publisher={Wiley Online Library}
}

@article{levchenko2020tfp,
  title={{TFP, news, and “sentiments”: The international transmission of business cycles}},
  author={Levchenko, Andrei A and Pandalai-Nayar, Nitya},
  journal={Journal of the European Economic Association},
  volume={18},
  number={1},
  pages={302--341},
  year={2020},
  doi={10.1093/jeea/jvy044},
  publisher={Oxford University Press}
}

% trade and inequality

@Article{furusawa2019international,
  author    = {Furusawa, Taiji and Konishi, Hideo and Tran, Duong Lam Anh},
  journal   = {The Scandinavian Journal of Economics},
  title     = {International Trade and Income Inequality},
  year      = {2019},
  issn      = {1467-9442},
  month     = oct,
  number    = {3},
  pages     = {993--1026},
  volume    = {122},
  doi       = {10.1111/sjoe.12360},
  publisher = {Wiley},
}

@Article{adao2022imports,
  author    = {Adão, Rodrigo and Carrillo, Paul and Costinot, Arnaud and Donaldson, Dave and Pomeranz, Dina},
  journal   = {The Quarterly Journal of Economics},
  title     = {Imports, Exports, and Earnings Inequality: Measures of Exposure and Estimates of Incidence},
  year      = {2022},
  issn      = {1531-4650},
  month     = mar,
  number    = {3},
  pages     = {1553--1614},
  volume    = {137},
  doi       = {10.1093/qje/qjac012},
  publisher = {Oxford University Press (OUP)},
}

@incollection{miranda2022global,
  title={The Global Financial Cycle},
  author={Miranda-Agrippino, Silvia and Rey, H{\'e}l{\`e}ne},
  booktitle={{Handbook of International Economics}},
  volume={6},
  pages={1--43},
  year={2022},
  doi = {10.1016/bs.hesint.2022.02.008},
  publisher={Elsevier}
}

@Article{andersen2023monetary,
  author    = {Andersen, Asger Lau and Johannesen, Niels and J{\o}rgensen, Mia and Peydr{\'o}, Jos{\'e}-Luis},
  journal   = {{The Journal of Finance}},
  title     = {{Monetary Policy and Inequality}},
  year      = {2023},
  issn      = {1540-6261},
  month     = jul,
  number    = {5},
  pages     = {2945--2989},
  volume    = {78},
  doi       = {10.1111/jofi.13262},
  publisher = {Wiley},
}

@Article{Amberg2022,
  author    = {Amberg, Niklas and Jansson, Thomas and Klein, Mathias and Picco, Anna Rogantini},
  journal   = {{American Economic Review: Insights}},
  title     = {{Five Facts about the Distributional Income Effects of Monetary Policy Shocks}},
  year      = {2022},
  issn      = {2640-2068},
  month     = sep,
  number    = {3},
  pages     = {289--304},
  volume    = {4},
  doi       = {10.1257/aeri.20210262},
  publisher = {American Economic Association},
}

@techreport{corsetti2011multilateral,
  title={Multilateral economic cooperation and the international transmission of fiscal policy},
  author={Corsetti, Giancarlo and M{\"u}ller, Gernot J},
  year={2011},
  institution={National Bureau of Economic Research}
}

@article{faccini2016international,
  title={International fiscal spillovers},
  author={Faccini, Renato and Mumtaz, Haroon and Surico, Paolo},
  journal={{Journal of International Economics}},
  volume={99},
  pages={31--45},
  year={2016},
  doi = {10.1016/j.jinteco.2015.11.009},
  publisher={Elsevier}
}

@article{klein2021real,
  title={Real exchange rate and international spillover effects of US technology shocks},
  author={Klein, Mathias and Linnemann, Ludger},
  journal={Journal of International Economics},
  volume={129},
  pages={103414},
  year={2021},
  doi = {10.1016/j.jinteco.2020.103414},
  publisher={Elsevier}
}

@Article{auerbach2013output,
  author    = {Auerbach, Alan J and Gorodnichenko, Yuriy},
  journal   = {American Economic Review},
  title     = {Output Spillovers from Fiscal Policy},
  year      = {2013},
  issn      = {0002-8282},
  month     = may,
  number    = {3},
  pages     = {141--146},
  volume    = {103},
  doi       = {10.1257/aer.103.3.141},
  publisher = {American Economic Association},
}

@Comment{jabref-meta: databaseType:bibtex;}

@article{akinci2013global,
  title={Global financial conditions, country spreads and macroeconomic fluctuations in emerging countries},
  author={Ak{\i}nc{\i}, {\"O}zge},
  journal={Journal of International Economics},
  volume={91},
  number={2},
  pages={358--371},
  year={2013},
  doi={10.1016/j.jinteco.2013.07.005},
  publisher={Elsevier}
}

@article{bowman2015us,
  title={{US unconventional monetary policy and transmission to emerging market economies}},
  author={Bowman, David and Londono, Juan M and Sapriza, Horacio},
  journal={Journal of International Money and Finance},
  volume={55},
  pages={27--59},
  year={2015},
  doi={10.1016/j.jimonfin.2015.02.016},
  publisher={Elsevier}
}

@article{carriere2013impact,
  title={The impact of uncertainty shocks in emerging economies},
  author={Carri{\`e}re-Swallow, Yan and C{\'e}spedes, Luis Felipe},
  journal={Journal of International Economics},
  volume={90},
  number={2},
  pages={316--325},
  year={2013},
  doi={10.1016/j.jinteco.2013.03.003},
  publisher={Elsevier}
}

@article{dees2021global,
  title={{The Global Financial Cycle and US monetary policy in an interconnected world}},
  author={D{\'e}es, St{\'e}phane and Galesi, Alessandro},
  journal={Journal of International Money and Finance},
  volume={115},
  pages={102395},
  year={2021},
  doi={10.1016/j.jimonfin.2021.102395},
  publisher={Elsevier}
}

@article{lakdawala2021international,
  title={{The international spillover effects of US monetary policy uncertainty}},
  author={Lakdawala, Aeimit and Moreland, Timothy and Schaffer, Matthew},
  journal={Journal of International Economics},
  volume={133},
  pages={103525},
  year={2021},
  doi={10.1016/j.jinteco.2021.103525},
  publisher={Elsevier}
}

@article{rey2016,
  title={{International Channels of Transmission of Monetary Policy and the Mundellian Trilemma}},
  author={Rey, Helene},
  journal={IMF Economic Review},
  volume={64},
  number={},
  pages={6--35},
  year={2016},
  doi={10.1057/imfer.2016.4},
  publisher={Springer}
}

@article{lastauskas2023global,
  title={{Global impacts of US monetary policy uncertainty shocks}},
  author={Lastauskas, Povilas and Nguyen, Anh Dinh Minh},
  journal={Journal of International Economics},
  volume={145},
  pages={103830},
  year={2023},
  doi={10.1016/j.jinteco.2023.103830},
  publisher={Elsevier}
}

@article{di2022international,
  title={International spillovers and local credit cycles},
  author={Di Giovanni, Julian and Kalemli-{\"O}zcan, {\c{S}}ebnem and Ulu, Mehmet Fatih and Baskaya, Yusuf Soner},
  journal={The Review of Economic Studies},
  volume={89},
  number={2},
  pages={733--773},
  year={2022},
  doi={10.1093/restud/rdab044},
  publisher={Oxford University Press}
}

@article{azad2022spillovers,
  title={{Spillovers of US monetary policy uncertainty on inflation targeting emerging economies}},
  author={Azad, Nahiyan Faisal and Serletis, Apostolos},
  journal={Emerging Markets Review},
  volume={51},
  pages={100875},
  year={2022},
  doi={10.1016/j.ememar.2021.100875},
  publisher={Elsevier}
}

@article{lastaukas2024,
title = {{Spillover effects of US monetary policy on emerging markets amidst uncertainty}},
journal = {{Journal of International Financial Markets, Institutions and Money}},
volume = {92},
pages = {101956},
year = {2024},
issn = {1042-4431},
doi = {10.1016/j.intfin.2024.101956},
author = {Povilas Lastauskas and Anh Dinh Minh Nguyen}
}

@article{kalemli2013global,
  title={{Global banks and crisis transmission}},
  author={Kalemli-Ozcan, Sebnem and Papaioannou, Elias and Perri, Fabrizio},
  journal={Journal of International Economics},
  volume={89},
  number={2},
  pages={495--510},
  year={2013},
  doi={10.1016/j.jinteco.2012.07.001},
  publisher={Elsevier}
}

@article{mackowiak2007external,
  title={{External shocks, US monetary policy and macroeconomic fluctuations in emerging markets}},
  author={Ma{\'c}kowiak, Bartosz},
  journal={Journal of monetary economics},
  volume={54},
  number={8},
  pages={2512--2520},
  year={2007},
  doi={10.1016/j.jmoneco.2007.06.021},
  publisher={Elsevier}
}

@article{carrillo2020inquiry,
  title={{Inquiry on the transmission of US aggregate shocks to Mexico: A SVAR approach}},
  author={Carrillo, Julio A and Elizondo, Rocio and Hern{\'a}ndez-Rom{\'a}n, Luis G},
  journal={Journal of International Money and Finance},
  volume={104},
  pages={102148},
  year={2020},
  doi={10.1016/j.jimonfin.2020.102148},
  publisher={Elsevier}
}

@article{dedola2017if,
  title={{If the Fed sneezes, who catches a cold?}},
  author={Dedola, Luca and Rivolta, Giulia and Stracca, Livio},
  journal={Journal of International Economics},
  volume={108},
  pages={S23--S41},
  year={2017},
  doi={10.1016/j.jinteco.2017.01.002},
  publisher={Elsevier}
}

@misc{bayoumi1992shocking,
  title={Shocking aspects of European monetary unification},
  author={Bayoumi, Tamim and Eichengreen, Barry},
  year={1992},
  publisher={National Bureau of Economic Research Cambridge, Mass., USA}
}

@article{gottschalk1994growth,
  title={{The growth of earnings instability in the U.S. labor market}},
  author={Gottschalk, Peter and Moffitt, Robert and Katz, Lawrence F and Dickens, William T},
  journal={Brookings Papers on Economic Activity},
  volume={1994},
  number={2},
  pages={217--272},
  year={1994},
  doi={10.2307/2534657},
  publisher={JSTOR}
}

@article{dynan2012evolution,
  title={The evolution of household income volatility},
  author={Dynan, Karen and Elmendorf, Douglas and Sichel, Daniel},
  journal={The BE Journal of Economic Analysis \& Policy},
  volume={12},
  number={2},
  year={2012},
  doi={10.1515/1935-1682.3347},
  publisher={De Gruyter}
}

@article{guvenen2021data,
  title={What do data on millions of US workers reveal about lifecycle earnings dynamics?},
  author={Guvenen, Fatih and Karahan, Fatih and Ozkan, Serdar and Song, Jae},
  journal={Econometrica},
  volume={89},
  number={5},
  pages={2303--2339},
  year={2021},
  doi={10.3982/ECTA14603},
  publisher={Wiley Online Library}
}

@article{guvenen2014nature,
  title={The nature of countercyclical income risk},
  author={Guvenen, Fatih and Ozkan, Serdar and Song, Jae},
  journal={Journal of Political Economy},
  volume={122},
  number={3},
  pages={621--660},
  year={2014},
  doi={10.1086/675535},
  publisher={University of Chicago Press Chicago, IL}
}

@article{heathcote2010macroeconomic,
  title={{The macroeconomic implications of rising wage inequality in the United States}},
  author={Heathcote, Jonathan and Storesletten, Kjetil and Violante, Giovanni L},
  journal={Journal of Political economy},
  volume={118},
  number={4},
  pages={681--722},
  year={2010},
  doi={10.1086/656632},
  publisher={University of Chicago Press Chicago, IL}
}

@article{hoffmann2019employment,
  title={Employment time and the cyclicality of earnings growth},
  author={Hoffmann, Eran B and Malacrino, Davide},
  journal={Journal of Public Economics},
  volume={169},
  pages={160--171},
  year={2019},
  doi={10.1016/j.jpubeco.2018.09.009}, 
  publisher={Elsevier}
}

@techreport{busch2018asymmetric,
  title={Asymmetric business-cycle risk and social insurance},
  author={Busch, Christopher and Domeij, David and Guvenen, Fatih and Madera, Rocio},
  year={2018},
  doi={10.3386/w24569},
  institution={National Bureau of Economic Research}
}