% Encoding: UTF-8
@Article{Chowdhury2006,
  author    = {Chowdhury, Abdur and Mavrotas, George},
  journal   = {The World Economy},
  title     = {{FDI and Growth: What Causes What?}},
  year      = {2006},
  issn      = {1467-9701},
  month     = jan,
  number    = {1},
  pages     = {9--19},
  volume    = {29},
  doi       = {10.1111/j.1467-9701.2006.00755.x},
  publisher = {Wiley},
}

@Book{jorda2024local,
  author      = {Jordà, Òscar and Taylor, Alan},
  title       = {Local Projections},
  year        = {2024},
  month       = aug,
  doi         = {10.3386/w32822},
  school = {National Bureau of Economic Research},
  publisher = {National Bureau of Economic Research},
}

@Misc{guvenen2022globala,
  author = {Guvenen, Fatih and Pistaferri, Luigi and Violante, Giovanni L},
  note   = {\url{https://www.grid-database.org/}. Accessed DD.MM.YYYY},
  title  = {The Global Repository of Income Dynamics},
  year   = {2022},
}


@article{guvenen2022global,
title={Global trends in income inequality and income dynamics: New insights from GRID},
author={Guvenen, Fatih and Pistaferri, Luigi and Violante, Giovanni L},
journal={Quantitative Economics},
volume={13},
number={4},
pages={1321--1360},
year={2022},
publisher={Wiley Online Library}
}

@Article{coibion2017innocent,
  author    = {Coibion, Olivier and Gorodnichenko, Yuriy and Kueng, Lorenz and Silvia, John},
  journal   = {Journal of Monetary Economics},
  title     = {Innocent Bystanders? Monetary policy and inequality},
  year      = {2017},
  issn      = {0304-3932},
  month     = jun,
  pages     = {70--89},
  volume    = {88},
  doi       = {10.1016/j.jmoneco.2017.05.005},
  publisher = {Elsevier BV},
}

@Article{furceri2018effects,
  author    = {Furceri, Davide and Loungani, Prakash and Zdzienicka, Aleksandra},
  journal   = {Journal of International Money and Finance},
  title     = {The effects of monetary policy shocks on inequality},
  year      = {2018},
  issn      = {0261-5606},
  month     = jul,
  pages     = {168--186},
  volume    = {85},
  doi       = {10.1016/j.jimonfin.2017.11.004},
  publisher = {Elsevier BV},
}

@Article{blanchard1989dynamic,
  author    = {Olivier Jean Blanchard and Danny Quah},
  journal   = {The American Economic Review},
  title     = {The Dynamic Effects of Aggregate Demand and Supply Disturbances},
  year      = {1989},
  issn      = {00028282},
  number    = {4},
  pages     = {655--673},
  volume    = {79},
  abstract  = {We interpret fluctuations in GNP and unemployment as due to two types of disturbances: disturbances that have a permanent effect on output and disturbances that do not. We interpret the first as supply disturbances, the second as demand disturbances. Demand disturbances have a hump-shaped mirror-image effect on output and unemployment. The effect of supply disturbances on output increases steadily over time, peaking after two years and reaching a plateau after five years.},
  publisher = {American Economic Association},
% url       = {http://www.jstor.org/stable/1827924},
 % urldate   = {2025-02-14},
}

@Article{jorda2005estimation,
  author    = {Jordà, \`{O}scar},
  journal   = {American Economic Review},
  title     = {Estimation and Inference of Impulse Responses by Local Projections},
  year      = {2005},
  issn      = {0002-8282},
  month     = feb,
  number    = {1},
  pages     = {161--182},
  volume    = {95},
  doi       = {10.1257/0002828053828518},
  publisher = {American Economic Association},
}



@Article{Davtyan2017,
  author    = {Davtyan, Karen},
  journal   = {Economic Modelling},
  title     = {The distributive effect of monetary policy: The top one percent makes the difference},
  year      = {2017},
  issn      = {0264-9993},
  month     = sep,
  pages     = {106--118},
  volume    = {65},
  doi       = {10.1016/j.econmod.2017.05.011},
  publisher = {Elsevier BV},
}

@Article{Binet2015,
  author    = {Binet, Marie-Estelle and Pentecôte, Jean-Sébastien},
  journal   = {Economic Modelling},
  title     = {{Macroeconomic idiosyncrasies and European monetary unification: A sceptical long run view}},
  year      = {2015},
  issn      = {0264-9993},
  month     = dec,
  pages     = {412--423},
  volume    = {51},
  doi       = {10.1016/j.econmod.2015.08.030},
  publisher = {Elsevier BV},
}

@Article{Campos2016,
  author    = {Campos, Nauro F. and Macchiarelli, Corrado},
  journal   = {Economics Letters},
  title     = {Core and Periphery in the European Monetary Union: Bayoumi and Eichengreen 25 years later},
  year      = {2016},
  issn      = {0165-1765},
  month     = oct,
  pages     = {127--130},
  volume    = {147},
  doi       = {10.1016/j.econlet.2016.07.040},
  publisher = {Elsevier BV},
}

@Book{Blanchard1999,
  author = {Blanchard, Olivier and Wolfers, Justin},
  title  = {The Role of Shocks and Institutions in the Rise of European Unemployment: The Aggregate Evidence},
  year   = {1999},
  month  = aug,
  doi    = {10.3386/w7282},
  school = {National Bureau of Economic Research},
  publisher = {National Bureau of Economic Research},
}

@Article{Herwartz2018,
  author    = {Herwartz, Helmut},
  journal   = {Journal of Applied Econometrics},
  title     = {{Long‐run neutrality of demand shocks: Revisiting Blanchard and Quah (1989) with independent structural shocks}},
  year      = {2018},
  issn      = {1099-1255},
  month     = dec,
  number    = {5},
  pages     = {811--819},
  volume    = {34},
  doi       = {10.1002/jae.2675},
  publisher = {Wiley},
}

@Article{Keating2013,
  author    = {Keating, John W.},
  journal   = {Journal of Macroeconomics},
  title     = {{What do we learn from Blanchard and Quah decompositions of output if aggregate demand may not be long-run neutral?}},
  year      = {2013},
  issn      = {0164-0704},
  month     = dec,
  pages     = {203--217},
  volume    = {38},
  doi       = {10.1016/j.jmacro.2013.07.007},
  publisher = {Elsevier BV},
}

@article{ramey2016macroeconomic,
  title={Macroeconomic shocks and their propagation},
  author={Ramey, Valerie A},
  journal={Handbook of Macroeconomics},
  volume={2},
  pages={71--162},
  year={2016},
  publisher={Elsevier}
}

@Article{Gygli2019,
  author    = {Gygli, Savina and Haelg, Florian and Potrafke, Niklas and Sturm, Jan-Egbert},
  journal   = {The Review of International Organizations},
  title     = {{The KOF Globalisation Index – revisited}},
  year      = {2019},
  issn      = {1559-744X},
  month     = jan,
  number    = {3},
  pages     = {543--574},
  volume    = {14},
  doi       = {10.1007/s11558-019-09344-2},
  publisher = {Springer Science and Business Media LLC},
}

@Article{rubin2015effects,
  author    = {Rubin, Amir and Segal, Dan},
  journal   = {Journal of Macroeconomics},
  title     = {{The effects of economic growth on income inequality in the US}},
  year      = {2015},
  issn      = {0164-0704},
  month     = sep,
  pages     = {258--273},
  volume    = {45},
  doi       = {10.1016/j.jmacro.2015.05.007},
  publisher = {Elsevier BV},
}

@Article{aghion2002schumpeterian,
  author    = {Aghion, Philippe},
  journal   = {Econometrica},
  title     = {Schumpeterian Growth Theory and the Dynamics of Income Inequality},
  year      = {2002},
  issn      = {1468-0262},
  month     = may,
  number    = {3},
  pages     = {855--882},
  volume    = {70},
  doi       = {10.1111/1468-0262.00312},
  publisher = {The Econometric Society},
}

@Article{garcia2006growth,
  author    = {García-Peñalosa, Cecilia and Turnovsky, Stephen J.},
  journal   = {Economic Theory},
  title     = {Growth and income inequality: a canonical model},
  year      = {2006},
  issn      = {1432-0479},
  month     = may,
  number    = {1},
  pages     = {25--49},
  volume    = {28},
  doi       = {10.1007/s00199-005-0616-7},
  publisher = {Springer Science and Business Media LLC},
}


@Article{acemoglu2022tasks,
  author    = {Acemoglu, Daron and Restrepo, Pascual},
  journal   = {Econometrica},
  title     = {{Tasks, Automation, and the Rise in U.S. Wage Inequality}},
  year      = {2022},
  issn      = {0012-9682},
  number    = {5},
  pages     = {1973--2016},
  volume    = {90},
  doi       = {10.3982/ecta19815},
  publisher = {The Econometric Society},
}

@Article{syverson2017challenges,
  author    = {Syverson, Chad},
  journal   = {Journal of Economic Perspectives},
  title     = {Challenges to Mismeasurement Explanations for the US Productivity Slowdown},
  year      = {2017},
  issn      = {0895-3309},
  month     = may,
  number    = {2},
  pages     = {165--186},
  volume    = {31},
  doi       = {10.1257/jep.31.2.165},
  publisher = {American Economic Association},
}

@Article{hsu2022income,
  author    = {Hsu, Wen-Tai and Lu, Lin and Picard, Pierre M.},
  journal   = {Economic Theory},
  title     = {Income inequality, productivity, and international trade},
  year      = {2022},
  issn      = {1432-0479},
  month     = aug,
  number    = {1},
  pages     = {203--249},
  volume    = {76},
  doi       = {10.1007/s00199-022-01456-y},
  publisher = {Springer Science and Business Media LLC},
}

@Article{Vidangos2017,
  author    = {Vidangos, Ivan and Cajner, Tomaz and Radler, Tyler and Ratner, David},
  journal   = {Finance and Economics Discussion Series},
  title     = {Racial Gaps in Labor Market Outcomes in the Last Four Decades and over the Business Cycle},
  year      = {2017},
  issn      = {1936-2854},
  month     = jun,
  number    = {71},
  volume    = {2017.0},
  doi       = {10.17016/feds.2017.071},
  publisher = {Board of Governors of the Federal Reserve System},
}

@Article{Aaronson2019,
  author    = {Aaronson, Stephanie R. and Daly, Mary C. and Wascher, William L. and Wilcox, David W.},
  journal   = {Brookings Papers on Economic Activity},
  title     = {Okun Revisited: Who Benefits Most from a Strong Economy?},
  year      = {2019},
  issn      = {1533-4465},
  number    = {1},
  pages     = {333--404},
  volume    = {2019},
  doi       = {10.1353/eca.2019.0004},
  publisher = {Project MUSE},
}

@Article{Bound1995,
  author  = {Bound, J. and Johnson, G. },
  journal = {Economic Policy},
  title   = {{What are the causes of rising wage inequality in the United States?}},
  year    = {1995},
  number  = {1},
  pages   = { 1},
  volume  = {1},
  comment = {[author_tag] & [author_tag]([year_tag]). What are the causes of rising wage inequality in the United States? . Economic Policy Review, [pages_tag](1).},
}

@Article{Acemoglu2002,
  author    = {Acemoglu, Daron},
  journal   = {Journal of Economic Literature},
  title     = {Technical Change, Inequality, and the Labor Market},
  year      = {2002},
  issn      = {0022-0515},
  month     = mar,
  number    = {1},
  pages     = {7--72},
  volume    = {40},
  doi       = {10.1257/jel.40.1.7},
  publisher = {American Economic Association},
}

@Article{Karahan2013,
  author    = {Karahan, Fatih and Ozkan, Serdar},
  journal   = {Review of Economic Dynamics},
  title     = {On the persistence of income shocks over the life cycle: Evidence, theory, and implications},
  year      = {2013},
  issn      = {1094-2025},
  month     = jul,
  number    = {3},
  pages     = {452--476},
  volume    = {16},
  doi       = {10.1016/j.red.2012.08.001},
  publisher = {Elsevier BV},
}

@article{feenstra2003global,
  title={Global production sharing and rising inequality: A survey of trade and wages},
  author={Feenstra, Robert C and Hanson, Gordon H},
  journal={Handbook of international trade},
  pages={146--185},
  year={2003},
  publisher={Wiley Online Library}
}

@book{jaumotte2015inequality,
  title={Inequality and labor market institutions},
  author={Jaumotte, Ms Florence and Osorio, Ms Carolina},
  year={2015},
  publisher={International Monetary Fund}
}

@Article{Kose2003,
  author    = {Kose, M. Ayhan and Otrok, Christopher and Whiteman, Charles H},
  journal   = {American Economic Review},
  title     = {{International Business Cycles: World, Region, and Country-Specific Factors}},
  year      = {2003},
  issn      = {0002-8282},
  month     = aug,
  number    = {4},
  pages     = {1216--1239},
  volume    = {93},
  doi       = {10.1257/000282803769206278},
  publisher = {American Economic Association},
}

@Article{Kose2012,
  author    = {Kose, M. Ayhan and Otrok, Christopher and Prasad, Eswar},
  journal   = {International Economic Review},
  title     = {{Global business cycles: convergence or decoupling?}},
  year      = {2012},
  issn      = {1468-2354},
  month     = may,
  number    = {2},
  pages     = {511--538},
  volume    = {53},
  doi       = {10.1111/j.1468-2354.2012.00690.x},
  publisher = {Wiley},
}

@Article{Fink2015,
  author    = {Fink, Fabian and Schüler, Yves S.},
  journal   = {Journal of International Money and Finance},
  title     = {{The transmission of US systemic financial stress: Evidence for emerging market economies}},
  year      = {2015},
  issn      = {0261-5606},
  month     = jul,
  pages     = {6--26},
  volume    = {55},
  doi       = {10.1016/j.jimonfin.2015.02.019},
  publisher = {Elsevier BV},
}

@article{kose2017global,
  title={{The global role of the US economy: Linkages, policies and spillovers}},
  journal = {World Bank Policy Research Working paper 7962},
  author={Kose, M Ayhan and Lakatos, Csilla and Ohnsorge, Franziska and Stocker, Marc},
  year={2017},
  publisher={World Bank}
}

@article{moran2016offshoring,
  title={How offshoring and global supply chains enhance the US economy},
  author={Moran, Theodore and Oldenski, Lindsay},
  journal={Policy Brief},
  number={16-5},
  pages={4},
  year={2016}
}

@article{canova2005transmission,
  title={{The transmission of US shocks to Latin America}},
  author={Canova, Fabio},
  journal={Journal of Applied Econometrics},
  volume={20},
  number={2},
  pages={229--251},
  year={2005},
  doi={10.1002/jae.837},
  publisher={Wiley Online Library}
}

@article{carrillo2020inquiry,
  title={{Inquiry on the transmission of US aggregate shocks to Mexico: A SVAR approach}},
  author={Carrillo, Julio A and Elizondo, Rocio and Hern{\'a}ndez-Rom{\'a}n, Luis G},
  journal={Journal of International Money and Finance},
  volume={104},
  pages={102148},
  year={2020},
  publisher={Elsevier},
  doi={10.1016/j.jimonfin.2020.102148}
}

@article{levchenko2020tfp,
  title={{TFP, news, and “sentiments”: The international transmission of business cycles}},
  author={Levchenko, Andrei A and Pandalai-Nayar, Nitya},
  journal={Journal of the European Economic Association},
  volume={18},
  number={1},
  pages={302--341},
  year={2020},
  doi={10.1093/jeea/jvy044},
  publisher={Oxford University Press}
}
@Comment{jabref-meta: databaseType:bibtex;}

@article{andersen2023monetary,
  title={{Monetary Policy and Inequality}},
  author={Andersen, Asger Lau and Johannesen, Niels and J{\o}rgensen, Mia and Peydr{\'o}, Jos{\'e}-Luis},
  journal={The Journal of Finance},
  volume={78},
  number={5},
  pages={2945--2989},
  year={2023},
  publisher={Wiley Online Library}
}

@article{romer2004new,
  title={{A new measure of monetary shocks: Derivation and implications}},
  author={Romer, Christina D and Romer, David H},
  journal={American economic review},
  volume={94},
  number={4},
  pages={1055--1084},
  year={2004},
  publisher={American Economic Association}
}

@article{jarocinski2020deconstructing,
  title={Deconstructing monetary policy surprises—the role of information shocks},
  author={Jaroci{\'n}ski, Marek and Karadi, Peter},
  journal={American Economic Journal: Macroeconomics},
  volume={12},
  number={2},
  pages={1--43},
  year={2020},
  publisher={American Economic Association 2014 Broadway, Suite 305, Nashville, TN 37203-2425}
}

@article{holm2021transmission,
  title={The transmission of monetary policy under the microscope},
  author={Holm, Martin Blomhoff and Paul, Pascal and Tischbirek, Andreas},
  journal={Journal of Political Economy},
  volume={129},
  number={10},
  pages={2861--2904},
  year={2021},
  publisher={The University of Chicago Press Chicago, IL}
}

@article{cloyne2020monetary,
  title={Monetary policy when households have debt: new evidence on the transmission mechanism},
  author={Cloyne, James and Ferreira, Clodomiro and Surico, Paolo},
  journal={The Review of Economic Studies},
  volume={87},
  number={1},
  pages={102--129},
  year={2020},
  publisher={Oxford University Press}
}

@article{cloyne2016macroeconomic,
  title={{The macroeconomic effects of monetary policy: a new measure for the United Kingdom}},
  author={Cloyne, James and H{\"u}rtgen, Patrick},
  journal={American Economic Journal: Macroeconomics},
  volume={8},
  number={4},
  pages={75--102},
  year={2016},
  publisher={American Economic Association 2014 Broadway, Suite 305, Nashville, TN 37203-2425}
}

@article{mumtaz2017impact,
  title={{The impact of monetary policy on inequality in the UK. An empirical analysis}},
  author={Mumtaz, Haroon and Theophilopoulou, Angeliki},
  journal={European Economic Review},
  volume={98},
  pages={410--423},
  year={2017},
  publisher={Elsevier}
}

@article{amberg2022five,
  title={Five facts about the distributional income effects of monetary policy shocks},
  author={Amberg, Niklas and Jansson, Thomas and Klein, Mathias and Picco, Anna Rogantini},
  journal={American Economic Review: Insights},
  volume={4},
  number={3},
  pages={289--304},
  year={2022},
  publisher={American Economic Association 2014 Broadway, Suite 305, Nashville, TN 37203}
}

@article{nakamura2018high,
  title={High-frequency identification of monetary non-neutrality: the information effect},
  author={Nakamura, Emi and Steinsson, J{\'o}n},
  journal={The Quarterly Journal of Economics},
  volume={133},
  number={3},
  pages={1283--1330},
  year={2018},
  publisher={Oxford University Press}
}